2724 4418
191 204 244 289 28
336 196 365 284 S
425 196 562 284 AT
621 198 995 288 YR-An.

699 319 871 400 homicida
900 318 1057 400 Miloni?

49 566 52 574 ·
137 514 285 600 Clodius
313 507 453 616 accuset
482 508 644 610 morbos,
1131 584 1134 589 .

640 628 804 705 Catilina
832 625 1051 732 Cethegum?
1231 634 1237 667 ³

140 957 185 1024 In
214 941 373 1022 tabulam
402 945 507 1023 Sulla
530 940 565 1051 fi
592 945 713 1021 dicant
742 939 905 1044 discipuli
933 948 1034 1023 eres?

140 1139 267 1232 Qualis
295 1156 372 1215 erat
400 1153 512 1236 nuper
538 1136 676 1237 tragico
698 1136 852 1234 pollutus
880 1135 1023 1252 adulter

140 1248 364 1332 Concubitu:

370 1446 432 1555 qui
461 1462 547 1522 tunc
576 1446 668 1547 leges
694 1443 876 1523 reuocabat
905 1466 1046 1518 amaras

144 1556 335 1653 Omnibus,
362 1560 467 1657 atque
496 1553 577 1667 ipfis
603 1561 759 1654 Veneri,
790 1552 989 1659 Martique
1003 1553 1226 1648 timendas,·'

146 1760 238 1829 Cum
265 1767 317 1826 tot
343 1749 510 1830 abortivis
530 1745 726 1851 secundam
745 1753 849 1839 Iulia
878 1753 1022 1855 uuluam
1233 1830 1238 1837 ,

147 1861 334 1956 Solveret,
361 1854 407 1946 (5
429 1861 711 1967 patruafimiles
739 1861 940 1966 effunderet
968 1860 1079 1968 offas.
1202 1862 1206 1871 “

148 2059 275 2132 Nonne
305 2054 423 2157 igitur
446 2049 557 2161 jure,
585 2077 628 2130 ac
656 2055 781 2131 merito
808 2056 899 2132 vitia
927 2055 1055 2135 ultima
1075 2045 1187 2156 filios

149 2179 385 2246 contemnunt
413 2175 593 2265 Scauros,
621 2158 670 2255 (τ’
695 2166 866 2272 castigata
894 2165 1115 2247 remordent?

153 2431 235 2504 Non
261 2425 349 2501 tulit
375 2445 421 2501 esc
449 2425 524 2501 iliis
553 2443 691 2502 torvum
721 2428 876 2504 Laronia
905 2425 1080 2522 quendam
1213 2484 1217 2491 .

115 2633 117 2637 Ι
152 2542 371 2614 clamantem
399 2543 544 2614 toties:-

516 2727 579 2806 ubi
606 2754 700 2812 nunc
728 2731 788 2843 lece
807 2725 944 2839 Julia?
975 2731 1131 2809 dormis?
1236 2744 1244 2787 1=

153 2984 280 3082 {Atque
310 2991 363 3062 ita
383 2978 601 3086 subridens;
623 2978 754 3088 felicia
781 2955 977 3085 tempora,
1104 3026 1107 3033 .
1237 3032 1241 3039 .

371 3134 376 3149 ’
938 3122 1011 3197 qna
1040 3121 1073 3178 re

152 3207 315 3288 'Moribus
342 3227 538 3312 opponunt.

537 3320 663 3403 babeat
685 3324 765 3430 jam
792 3335 905 3408 Roma
929 3327 1117 3427 pudorem.
1199 3326 1203 3331 ’

153 3437 302 3514 Tertius
329 3459 348 3513 c
376 3442 453 3520 cola
478 3439 609 3517 cecidit
636 3448 748 3520 cato.

747 3659 818 3772 sed
843 3658 960 3745 tamen
990 3669 1083 3746 unde
1202 3638 1206 3647 ’

151 3782 233 3854 Hac
262 3779 373 3880 emis,
399 3772 532 3889 bissum
553 3771 696 3892 spirant
722 3776 936 3893 opobalsama
965 3784 1050 3865 colla
1065 3877 1077 3891 ..
1099 3831 1118 3883 ·‚

1107 3901 1191 3999 Qun
